@inproceedings{gupta2016will,
  title={Will I Get in? Modeling the Graduate Admission Process for American Universities},
  author={Gupta, Narender and Sawhney, Aman and Roth, Dan},
  booktitle={Data Mining Workshops (ICDMW), 2016 IEEE 16th International Conference on},
  pages={631--638},
  year={2016},
  organization={IEEE}
}
@article{keeley1972bayesian,
  title={Bayesian and regression modeling of graduate admission policy},
  author={Keeley, Stuart M and Doherty, Michael E},
  journal={Organizational Behavior and Human Performance},
  volume={8},
  number={2},
  pages={297--323},
  year={1972},
  publisher={Elsevier}
}
@article{raghunathan2010demystifying,
  title={Demystifying the American graduate admissions process},
  author={Raghunathan, Karthik},
  journal={StudyMode. com},
  year={2010}
}
@article{waters2014grade,
  title={GRADE: machine learning support for graduate admissions},
  author={Waters, Austin and Miikkulainen, Risto},
  journal={AI Magazine},
  volume={35},
  number={1},
  pages={64},
  year={2014}
}
@article{bruggink1996statistical,
  title={Statistical models for college admission and enrollment: A case study for a selective liberal arts college},
  author={Bruggink, Thomas H and Gambhir, Vivek},
  journal={Research in Higher Education},
  volume={37},
  number={2},
  pages={221--240},
  year={1996},
  publisher={Springer}
}
@article{moore1998expert,
  title={An expert system approach to graduate school admission decisions and academic performance prediction},
  author={Moore, James S},
  journal={Omega},
  volume={26},
  number={5},
  pages={659--670},
  year={1998},
  publisher={Elsevier}
}
@phdthesis{alzahranigot,
  title={" I Got Accepted": Perceptions of Saudi Graduate Students on Factors influencing their Application Experience},
  author={Alzahrani, Maha}
}
