@inproceedings{gupta2016will,
  title={Will I Get in? Modeling the Graduate Admission Process for American Universities},
  author={Gupta, Narender and Sawhney, Aman and Roth, Dan},
  booktitle={Data Mining Workshops (ICDMW), 2016 IEEE 16th International Conference on},
  pages={631--638},
  year={2016},
  organization={IEEE}
}
@article{keeley1972bayesian,
  title={Bayesian and regression modeling of graduate admission policy},
  author={Keeley, Stuart M and Doherty, Michael E},
  journal={Organizational Behavior and Human Performance},
  volume={8},
  number={2},
  pages={297--323},
  year={1972},
  publisher={Elsevier}
}
